
@inproceedings{he2025aiagent,
  author    = {He, Yifeng and Wang, Ethan and Rong, Yuyang and Cheng, Zifei and Chen, Hao},
  title     = {Security of AI Agents},
  booktitle = {International Workshop on Responsible AI Engineering (RAIE)},
  date      = {2025-04-29},
  address   = {Ottawa, Ontario, Canada},
  doi       = {https://doi.org/10.48550/arXiv.2406.08689}
}

@inproceedings{huang2024,
  author    = {Huang, Jiabo and Zhao, Jianyu and Rong, Yuyang and Guo, Yiwen and He, Yifeng and Chen, Hao},
  title     = {Code Representation Pre-training with Complements from Program Executions},
  booktitle = {Conference on Empirical Methods in Natural Language Processing (EMNLP)},
  date      = {2024-11-12/2024-11-16},
  address   = {Miami, Florida, USA},
  doi       = {https://aclanthology.org/2024.emnlp-industry.21/}
}

@inproceedings{he2024unitsyn,
  author    = {He, Yifeng and Huang, Jiabo and Rong, Yuyang and Guo, Yiwen and Wang, Ethan and Chen, Hao},
  title     = {{U}ni{TS}yn: A Large-Scale Dataset Capable of Enhancing the Prowess of Large Language Models for Program Testing},
  booktitle = {International Symposium on Software Testing and Analysis (ISSTA)},
  date      = {2024-09-16/2024-09-20},
  address   = {Vienna, Austria},
  doi       = {https://doi.org/10.1145/3650212.3680342}
}

@inproceedings{zhao2023,
  author    = {Zhao, Jianyu and Rong, Yuyang and Guo, Yiwen and He, Yifeng and Chen, Hao},
  title     = {Understanding Programs by Exploiting (Fuzzing) Test Cases},
  booktitle = {Findings of the Association for Computational Linguistics (ACL)},
  date      = {2023-07-09/2023-07-14},
  address   = {Toronto, Canada}
}